
@article{Graham:13:PeriodFindingComparison,
	Author = {{Graham}, Matthew J. and {Drake}, Andrew J. and {Djorgovski}, S.~G. and {Mahabal}, Ashish A. and {Donalek}, Ciro and {Duan}, Victor and {Maker}, Allison},
	Journal = {\mnras},
	Month = {Oct},
	Number = {4},
	Pages = {3423-3444},
	Title = {{A comparison of period finding algorithms}},
	Volume = {434},
	Year = {2013}}


@inproceedings{Graham:17:VariableClassificationChallenges,
	Author = {{Graham}, Matthew and {Drake}, Andrew and {Djorgovski}, S.~G. and {Mahabal}, Ashish and {Donalek}, Ciro},
	Booktitle = {European Physical Journal Web of Conferences},
	Month = {Sep},
	Pages = {03001},
	Title = {{Challenges in the automated classification of variable stars in large databases}},
	Volume = {152},
	Year = {2017}}
	

@article{Kinemuchi:06:RRLyrNSVS,
	Author = {{Kinemuchi}, K. and {Smith}, H.~A. and {Wo{\'z}niak}, P.~R. and {McKay}, T.~A. and {ROTSE Collaboration}},
	Journal = {\aj},
	Month = {Sep},
	Number = {3},
	Pages = {1202-1220},
	Title = {{Analysis of RR Lyrae Stars in the Northern Sky Variability Survey}},
	Volume = {132},
	Year = {2006}}


@article{Protassov:02:LRTest,
	Author = {{Protassov}, R. and {van Dyk}, D.~A. and {Connors}, A. and {Kashyap}, V.~L. and {Siemiginowska}, A.},
	Journal = {\apj},
	Month = may,
	Pages = {545-559},
	Title = {{Statistics, Handle with Care: Detecting Multiple Model Components with the Likelihood Ratio Test}},
	Volume = 571,
	Year = 2002}


@article{Naul:18:RNNClassifier,
	Author = {{Naul}, B. and {Bloom}, J.~S. and {P{\'e}rez}, F. and {van der Walt}, S.},
	Journal = {Nature Astronomy},
	Month = feb,
	Pages = {151-155},
	Title = {{A recurrent neural network for classification of unevenly sampled variable stars}},
	Volume = 2,
	Year = 2018}


@article{Muthukrishna:19:RAPIDClassification,
	Author = {{Muthukrishna}, D. and {Narayan}, G. and {Mandel}, K.~S. and {Biswas}, R. and {Hlo{\v z}ek}, R.},
	Journal = {arXiv e-prints},
	Month = mar,
	Title = {{RAPID: Early Classification of Explosive Transients using Deep Learning}},
	Year = 2019}


@article{Mahabal:17:DLClassification,
	Author = {{Mahabal}, Ashish and {Sheth}, Kshiteej and {Gieseke}, Fabian and {Pai}, Akshay and {Djorgovski}, S. George and {Drake}, Andrew and {Graham}, Matthew and {the CSS/CRTS/PTF Collaboration}},
	Journal = {arXiv e-prints},
	Month = {Sep},
	Pages = {arXiv:1709.06257},
	Title = {{Deep-Learnt Classification of Light Curves}},
	Year = {2017}}


@article{Lomb:76:Least-Squares-F,
	Author = {{Lomb}, N.~R.},
	Journal = {Astrophysics and Space Science},
	Month = {Feb},
	Number = {2},
	Pages = {447-462},
	Title = {{Least-Squares Frequency Analysis of Unequally Spaced Data}},
	Volume = {39},
	Year = {1976}}


@article{Scargle:82:Studies-in-astr,
	Author = {{Scargle}, J.~D.},
	Journal = {\apj},
	Month = {Dec},
	Pages = {835-853},
	Title = {{Studies in astronomical time series analysis. II. Statistical aspects of spectral analysis of unevenly spaced data.}},
	Volume = {263},
	Year = {1982}}


@article{Stellingwerf:78:PDM,
	Author = {{Stellingwerf}, R.~F.},
	Journal = {\apj},
	Month = {Sep},
	Pages = {953-960},
	Title = {{Period determination using phase dispersion minimization.}},
	Volume = {224},
	Year = {1978}}


@article{Dworetsky:83:StringLength,
	Author = {{Dworetsky}, M.~M.},
	Journal = {\mnras},
	Month = {Jun},
	Pages = {917-924},
	Title = {{A period-finding method for sparse randomly spaced observations or ``How long is a piece of string ?''}},
	Volume = {203},
	Year = {1983}}


@article{Schwarzenberg-Czerny:89:AOV,
	Author = {{Schwarzenberg-Czerny}, A.},
	Journal = {\mnras},
	Month = {Nov},
	Pages = {153-165},
	Title = {{On the advantage of using analysis of variance for period search.}},
	Volume = {241},
	Year = {1989}}


@article{Huijse:12:CorrentropyPeriodogram,
	Author = {{Huijse}, Pablo and {Estevez}, Pablo A. and {Protopapas}, Pavlos and {Zegers}, Pablo and {Principe}, Jos{\'e} C.},
	Journal = {IEEE Transactions on Signal Processing},
	Month = {Oct},
	Number = {10},
	Pages = {5135-5145},
	Title = {{An Information Theoretic Algorithm for Finding Periodicities in Stellar Light Curves}},
	Volume = {60},
	Year = {2012}}


@article{Graham:13:ConditionalEntropy,
	Author = {{Graham}, Matthew J. and {Drake}, Andrew J. and {Djorgovski}, S.~G. and {Mahabal}, Ashish A. and {Donalek}, Ciro},
	Journal = {\mnras},
	Month = {Sep},
	Number = {3},
	Pages = {2629-2635},
	Title = {{Using conditional entropy to identify periodicity}},
	Volume = {434},
	Year = {2013}}


@article{VanderPlas:15:MultibandLS,
	Author = {{VanderPlas}, J.~T. and {Ivezi{\'c}}, {\v Z}.},
	Journal = {\apj},
	Month = oct,
	Pages = {18},
	Title = {{Periodograms for Multiband Astronomical Time Series}},
	Volume = 812,
	Year = 2015}


@article{Mondrik:15:MultibandAOV,
	Author = {{Mondrik}, N. and {Long}, J.~P. and {Marshall}, J.~L.},
	Journal = {\apjl},
	Month = {Oct},
	Number = {2},
	Pages = {L34},
	Title = {{A Multiband Generalization of the Multiharmonic Analysis of Variance Period Estimation Algorithm and the Effect of Inter-band Observing Cadence on Period Recovery Rate}},
	Volume = {811},
	Year = {2015}}


@article{Huijse:18:MultibandMI,
	Author = {{Huijse}, P. and {Est{\'e}vez}, P.~A. and {F{\"o}rster}, F. and {Daniel}, S.~F. and {Connolly}, A.~J. and {Protopapas}, P. and {Carrasco}, R. and {Pr{\'{\i}}ncipe}, J.~C.},
	Journal = {\apjs},
	Month = may,
	Pages = {12},
	Title = {{Robust Period Estimation Using Mutual Information for Multiband Light Curves in the Synoptic Survey Era}},
	Volume = 236,
	Year = 2018}


@article{Cincotta:95:Astronomical-Ti,
	Author = {{Cincotta}, Pablo M. and {Mendez}, Mariano and {Nunez}, Josue A.},
	Journal = {\apj},
	Month = {Aug},
	Pages = {231},
	Title = {{Astronomical Time Series Analysis. I. A Search for Periodicity Using Information Entropy}},
	Volume = {449},
	Year = {1995}}


@article{Cincotta:99:Astronomical-ti,
	Author = {{Cincotta}, Pablo M.},
	Journal = {\mnras},
	Month = {Aug},
	Number = {4},
	Pages = {941-948},
	Title = {{Astronomical time-series analysis - III. The role of the observational errors in the minimum entropy method}},
	Volume = {307},
	Year = {1999}}


@article{Zechmeister:09:GeneralisedLS,
	Author = {{Zechmeister}, M. and {K{\"u}rster}, M.},
	Journal = {\aap},
	Month = {Mar},
	Number = {2},
	Pages = {577-584},
	Title = {{The generalised Lomb-Scargle periodogram. A new formalism for the floating-mean and Keplerian periodograms}},
	Volume = {496},
	Year = {2009}}



@article{Wang:12:NonpBayesPeriods,
	Author = {{Wang}, Yuyang and {Khardon}, Roni and {Protopapas}, Pavlos},
	Journal = {\apj},
	Month = {Sep},
	Number = {1},
	Pages = {67},
	Title = {{Nonparametric Bayesian Estimation of Periodic Light Curves}},
	Volume = {756},
	Year = {2012}}


@article{Gregory:92:A-New-Method-fo,
	Author = {{Gregory}, P.~C. and {Loredo}, Thomas J.},
	Journal = {\apj},
	Month = {Oct},
	Pages = {146},
	Title = {{A New Method for the Detection of a Periodic Signal of Unknown Shape and Period}},
	Volume = {398},
	Year = {1992}}


@article{Zucker:16:SerialIndependence,
	Author = {{Zucker}, Shay},
	Journal = {\mnras},
	Month = {Mar},
	Number = {1},
	Pages = {L118-L121},
	Title = {{Detection of Periodicity Based on Independence Tests - II. Improved Serial Independence Measure}},
	Volume = {457},
	Year = {2016}}

@article{Clarke:02:StringLength,
	Author = {{Clarke}, D.},
	Journal = {\aap},
	Month = {May},
	Pages = {763-774},
	Title = {{String/Rope length methods using the Lafler-Kinman statistic}},
	Volume = {386},
	Year = {2002}}



@article{Drake:13:CSSRRLyr,
	Author = {{Drake}, A.~J. and {Catelan}, M. and {Djorgovski}, S.~G. and {Torrealba}, G. and {Graham}, M.~J. and {Belokurov}, V. and {Koposov}, S.~E. and {Mahabal}, A. and {Prieto}, J.~L. and {Donalek}, C. and {Williams}, R. and {Larson}, S. and {Christensen}, E. and {Beshore}, E.},
	Journal = {\apj},
	Month = {Jan},
	Number = {1},
	Pages = {32},
	Title = {{Probing the Outer Galactic Halo with RR Lyrae from the Catalina Surveys}},
	Volume = {763},
	Year = {2013}}


@article{Kovacs:02:BoxLS,
	Author = {{Kov{\'a}cs}, G. and {Zucker}, S. and {Mazeh}, T.},
	Journal = {\aap},
	Month = {Aug},
	Pages = {369-377},
	Title = {{A box-fitting algorithm in the search for periodic transits}},
	Volume = {391},
	Year = {2002}}


@article{Heller:19:TransitLS,
	Author = {{Heller}, Ren{\'e} and {Rodenbeck}, Kai and {Hippke}, Michael},
	Journal = {\aap},
	Month = {May},
	Pages = {A31},
	Title = {{Transit least-squares survey. I. Discovery and validation of an Earth-sized planet in the four-planet system K2-32 near the 1:2:5:7 resonance}},
	Volume = {625},
	Year = {2019}}


@article{Torrealba:15:SouthCSSRRLyr,
	Author = {{Torrealba}, G. and {Catelan}, M. and {Drake}, A.~J. and {Djorgovski}, S.~G. and {McNaught}, R.~H. and {Belokurov}, V. and {Koposov}, S. and {Graham}, M.~J. and {Mahabal}, A. and {Larson}, S. and {Christensen}, E.},
	Journal = {\mnras},
	Month = {Jan},
	Number = {3},
	Pages = {2251-2266},
	Title = {{Discovery of Ìƒ9000 new RR Lyrae in the southern Catalina surveys}},
	Volume = {446},
	Year = {2015}}


@article{Saha:17:A-Hybrid-Algori,
	Author = {{Saha}, Abhijit and {Vivas}, A. Katherina},
	Journal = {\aj},
	Month = {Dec},
	Number = {6},
	Pages = {231},
	Title = {{A Hybrid Algorithm for Period Analysis from Multiband Data with Sparse and Irregular Sampling for Arbitrary Light-curve Shapes}},
	Volume = {154},
	Year = {2017}}

@ARTICLE{Stringer:19:DESRRLyr,
   author = {{Stringer}, K.~M. and {Long}, J.~P. and {Macri}, L.~M. and {Marshall}, J.~L. and 
	{Drlica-Wagner}, A. and {Mart{\'{\i}}nez-V{\'a}zquez}, C.~E. and 
	{Vivas}, A.~K. and {Bechtol}, K. and {Morganson}, E. and {Carrasco Kind}, M. and 
	{Pace}, A.~B. and {Walker}, A.~R. and {Nielsen}, C. and {Li}, T.~S. and 
	{Rykoff}, E. and {Burke}, D. and {Carnero Rosell}, A. and {Neilsen}, E. and 
	{Ferguson}, P. and {Cantu}, S.~A. and {Myron}, J.~L. and {Strigari}, L. and 
	{Farahi}, A. and {Paz-Chinch{\'o}n}, F. and {Tucker}, D. and 
	{Lin}, Z. and {Hatt}, D. and {Maner}, J.~F. and {Plybon}, L. and 
	{Riley}, A.~H. and {Nadler}, E.~O. and {Abbott}, T.~M.~C. and 
	{Allam}, S. and {Annis}, J. and {Bertin}, E. and {Brooks}, D. and 
	{Buckley-Geer}, E. and {Carretero}, J. and {Cunha}, C.~E. and 
	{D'Andrea}, C.~B. and {da Costa}, L.~N. and {De Vicente}, J. and 
	{Desai}, S. and {Doel}, P. and {Eifler}, T.~F. and {Flaugher}, B. and 
	{Frieman}, J. and {Garc{\'{\i}}a-Bellido}, J. and {Gaztanaga}, E. and 
	{Gruen}, D. and {Gschwend}, J. and {Gutierrez}, G. and {Hartley}, W.~G. and 
	{Hollowood}, D.~L. and {Hoyle}, B. and {James}, D.~J. and {Kuehn}, K. and 
	{Kuropatkin}, N. and {Melchior}, P. and {Miquel}, R. and {Ogando}, R.~L.~C. and 
	{Plazas}, A.~A. and {Sanchez}, E. and {Santiago}, B. and {Scarpine}, V. and 
	{Schubnell}, M. and {Serrano}, S. and {Sevilla-Noarbe}, I. and 
	{Smith}, M. and {Smith}, R.~C. and {Soares-Santos}, M. and {Sobreira}, F. and 
	{Suchyta}, E. and {Swanson}, M.~E.~C. and {Tarle}, G. and {Thomas}, D. and 
	{Vikram}, V. and {Yanny}, B. and {DES Collaboration}},
    title = "{Identification of RR Lyrae Stars in Multiband, Sparsely Sampled Data from the Dark Energy Survey Using Template Fitting and Random Forest Classification}",
  journal = {\aj},
archivePrefix = "arXiv",
   eprint = {1905.00428},
 primaryClass = "astro-ph.SR",
 keywords = {catalogs, Galaxy: halo, Galaxy: structure, methods: statistical, stars: variables: RR Lyrae },
     year = 2019,
    month = jul,
   volume = 158,
      eid = {16},
    pages = {16},
      doi = {10.3847/1538-3881/ab1f46},
   adsurl = {https://ui.adsabs.harvard.edu/abs/2019AJ....158...16S},
  adsnote = {Provided by the SAO/NASA Astrophysics Data System}
}



@article{Hernitschek:16:PS1SF,
	Author = {{Hernitschek}, Nina and {Schlafly}, Edward F. and {Sesar}, Branimir and {Rix}, Hans-Walter and {Hogg}, David W. and {Ivezi{\'c}}, {\v{Z}}eljko and {Grebel}, Eva K. and {Bell}, Eric F. and {Martin}, Nicolas F. and {Burgett}, W.~S. and {Flewelling}, H. and {Hodapp}, K.~W. and {Kaiser}, N. and {Magnier}, E.~A. and {Metcalfe}, N. and {Wainscoat}, R.~J. and {Waters}, C.},
	Journal = {\apj},
	Month = {Jan},
	Number = {1},
	Pages = {73},
	Title = {{Finding, Characterizing, and Classifying Variable Sources in Multi-epoch Sky Surveys: QSOs and RR Lyrae in PS1 3{\ensuremath{\pi}} data}},
	Volume = {817},
	Year = {2016}}



@article{Hartman:16:VARTOOLS,
	Author = {{Hartman}, J.~D. and {Bakos}, G. {\'A}.},
	Journal = {Astronomy and Computing},
	Month = {Oct},
	Pages = {1-72},
	Title = {{VARTOOLS: A program for analyzing astronomical time-series data}},
	Volume = {17},
	Year = {2016}}


@article{Nun:15:FATS,
	Author = {{Nun}, Isadora and {Protopapas}, Pavlos and {Sim}, Brandon and {Zhu}, Ming and {Dave}, Rahul and {Castro}, Nicolas and {Pichara}, Karim},
	Journal = {arXiv e-prints},
	Month = {May},
	Pages = {arXiv:1506.00010},
	Title = {{FATS: Feature Analysis for Time Series}},
	Year = {2015}}


@article{VanderPlas:18:UnderstandingLS,
	Author = {{VanderPlas}, J.~T.},
	Journal = {\apjs},
	Month = may,
	Pages = {16},
	Title = {{Understanding the Lomb{\ndash}Scargle Periodogram}},
	Volume = 236,
	Year = 2018}

@article{Baluev:08:FAP,
	Author = {{Baluev}, R.~V.},
	Journal = {\mnras},
	Month = apr,
	Pages = {1279-1285},
	Title = {{Assessing the statistical significance of periodogram peaks}},
	Volume = 385,
	Year = 2008}

@BOOK{Ivezic:14:MLBook,
       author = {{Ivezi{\'c}}, {\v{Z}}eljko and {Connelly}, Andrew J. and {Vand
        erPlas}, Jacob T. and {Gray}, Alexander},
        title = "{Statistics, Data Mining, and Machine Learning in Astronomy}",
         year = "2014",
       adsurl = {https://ui.adsabs.harvard.edu/abs/2014sdmm.book.....I},
      adsnote = {Provided by the SAO/NASA Astrophysics Data System}
}



@article{Suveges:12:FAP,
	Author = {{S{\"u}veges}, M.},
	Journal = {arXiv e-prints},
	Month = {Dec},
	Pages = {arXiv:1212.0645},
	Title = {{Extreme-value modelling for the significance assessment of periodogram peaks}},
	Year = {2012}}


@article{Jayasinghe:19:ASASSNVarsII,
	Author = {{Jayasinghe}, T. and {Stanek}, K.~Z. and {Kochanek}, C.~S. and {Shappee}, B.~J. and {Holoien}, T.~W. -S. and {Thompson}, Todd A. and {Prieto}, J.~L. and {Dong}, Subo and {Pawlak}, M. and {Pejcha}, O. and {Shields}, J.~V. and {Pojmanski}, G. and {Otero}, S. and {Britt}, C.~A. and {Will}, D.},
	Journal = {\mnras},
	Month = {Jun},
	Number = {2},
	Pages = {1907-1943},
	Title = {{The ASAS-SN catalogue of variable stars - II. Uniform classification of 412 000 known variables}},
	Volume = {486},
	Year = {2019}}

@article{Jayasinghe:19:ASASSNVarsIII,
	Author = {{Jayasinghe}, T. and {Stanek}, K.~Z. and {Kochanek}, C.~S. and {Shappee}, B.~J. and {Holoien}, T.~W. -S. and {Thompson}, Todd A. and {Prieto}, J.~L. and {Dong}, Subo and {Pawlak}, M. and {Pejcha}, O. and {Shields}, J.~V. and {Pojmanski}, G. and {Otero}, S. and {Hurst}, N. and {Britt}, C.~A. and {Will}, D.},
	Journal = {\mnras},
	Month = {May},
	Number = {1},
	Pages = {961-971},
	Title = {{The ASAS-SN catalogue of variable stars III: variables in the southern TESS continuous viewing zone}},
	Volume = {485},
	Year = {2019}}

@article{Jayasinghe:19:ASASSNVarsV,
	Author = {{Jayasinghe}, T. and {Stanek}, K.~Z. and {Kochanek}, C.~S. and {Shappee}, B.~J. and {Holoien}, T.~W. -S. and {Thompson}, Todd A. and {Prieto}, J.~L. and {Dong}, Subo and {Pawlak}, M. and {Pejcha}, O. and {Shields}, J.~V. and {Pojmanski}, G. and {Otero}, S. and {Hurst}, N. and {Britt}, C.~A. and {Will}, D.},
	Journal = {arXiv e-prints},
	Month = {Jul},
	Pages = {arXiv:1907.10609},
	Title = {{The ASAS-SN Catalog of Variable Stars V: Variables in the Southern Hemisphere}},
	Year = {2019}}

@article{Jayasinghe:18:ASASSNVarsI,
	Author = {{Jayasinghe}, T. and {Kochanek}, C.~S. and {Stanek}, K.~Z. and {Shappee}, B.~J. and {Holoien}, T.~W.-S. and {Thompson}, T.~A. and {Prieto}, J.~L. and {Dong}, S. and {Pawlak}, M. and {Shields}, J.~V. and {Pojmanski}, G. and {Otero}, S. and {Britt}, C.~A. and {Will}, D.},
	Journal = {\mnras},
	Month = jul,
	Pages = {3145-3163},
	Title = {{The ASAS-SN catalogue of variable stars I: The Serendipitous Survey}},
	Volume = 477,
	Year = 2018}


@article{Martinez:18:THE-HIGH-CADENC,
	Author = {{Mart{\'{\i}}nez}, J. and {F{\"o}rster}, F. and {Protopapas}, P. and {Maureira}, J.~C. and {Lira}, P. and {Cabrera-Vives}, G. and {Huijse}, P. and {Galbany}, L. and {de Jaeger}, T. and {Gonz{\'a}lez-Gait{\'a}n}, S. and {Medina}, G. and {Pignata}, G. and {San Mart{\'{\i}}n}, J. and {Hamuy}, M. and {Mu{\~n}oz}, R.~R.},
	Journal = {ArXiv e-prints},
	Month = sep,
	Title = {{THE HIGH CADENCE TRANSIENT SURVEY (HITS): Compilation and characterization of light-curve catalogs}},
	Year = 2018}


@article{Elorrieta:16:A-machine-learn,
	Author = {{Elorrieta}, Felipe and {Eyheramendy}, Susana and {Jord{\'a}n}, Andr{\'e}s and {D{\'e}k{\'a}ny}, Istv{\'a}n and {Catelan}, M{\'a}rcio and {Angeloni}, Rodolfo and {Alonso-Garc{\'\i}a}, Javier and {Contreras-Ramos}, Rodrigo and {Gran}, Felipe and {Hajdu}, Gergely and {Espinoza}, N{\'e}stor and {Saito}, Roberto K. and {Minniti}, Dante},
	Journal = {\aap},
	Month = {Nov},
	Pages = {A82},
	Title = {{A machine learned classifier for RR Lyrae in the VVV survey}},
	Volume = {595},
	Year = {2016}}

@ARTICLE{2018arXiv180911145M,
       author = {{Malz}, Alex and {Hlo{\v{z}}ek}, Ren{\'e}e and {Allam}, Tarek, Jr and
         {Bahmanyar}, Anita and {Biswas}, Rahul and {Dai}, Mi and
         {Galbany}, Llu{\'\i}s and {Ishida}, Emille and {Jha}, Saurabh and
         {Jones}, David and {Kessler}, Rick and {Lochner}, Michelle and
         {Mahabal}, Ashish and {Mandel}, Kaisey and
         {Mart{\'\i}nez-Galarza}, Rafael and {McEwen}, Jason and
         {Muthukrishna}, Daniel and {Narayan}, Gautham and {Peiris}, Hiranya and
         {Peters}, Christina and {Setzer}, Christian and
         {The LSST Dark Energy Science Collaboration} and
         {LSST Transients}, The and {Variable Stars Science Collaboration}},
        title = "{The Photometric LSST Astronomical Time-series Classification Challenge (PLAsTiCC): Selection of a performance metric for classification probabilities balancing diverse science goals}",
      journal = {arXiv e-prints},
     keywords = {Astrophysics - Instrumentation and Methods for Astrophysics, Astrophysics - Cosmology and Nongalactic Astrophysics, Astrophysics - Solar and Stellar Astrophysics},
         year = "2018",
        month = "Sep",
          eid = {arXiv:1809.11145},
        pages = {arXiv:1809.11145},
archivePrefix = {arXiv},
       eprint = {1809.11145},
 primaryClass = {astro-ph.IM},
       adsurl = {https://ui.adsabs.harvard.edu/abs/2018arXiv180911145M},
      adsnote = {Provided by the SAO/NASA Astrophysics Data System}
}


@ARTICLE{Kessler:19:PlasticcModels,
       author = {{Kessler}, R. and {Narayan}, G. and {Avelino}, A. and {Bachelet}, E. and
         {Biswas}, R. and {Brown}, P.~J. and {Chernoff}, D.~F. and
         {Connolly}, A.~J. and {Dai}, M. and {Daniel}, S. and {Di Stefano}, R. and
         {Drout}, M.~R. and {Galbany}, L. and {Gonz{\'a}lez-Gait{\'a}n}, S. and
         {Graham}, M.~L. and {Hlo{\v{z}}ek}, R. and {Ishida}, E.~E.~O. and
         {Guillochon}, J. and {Jha}, S.~W. and {Jones}, D.~O. and {Mand
        el}, K.~S. and {Muthukrishna}, D. and {O{\textquoteright}Grady}, A. and
         {Peters}, C.~M. and {Pierel}, J.~R. and {Ponder}, K.~A. and
         {Pr{\v{s}}a}, A. and {Rodney}, S. and {Villar}, V.~A. and
         {LSST Dark Energy Science Collaboration} and {Transient and
         Variable Stars Science Collaboration}},
        title = "{Models and Simulations for the Photometric LSST Astronomical Time Series Classification Challenge (PLAsTiCC)}",
      journal = {\pasp},
     keywords = {Astrophysics - High Energy Astrophysical Phenomena},
         year = "2019",
        month = "Sep",
       volume = {131},
       number = {1003},
        pages = {094501},
          doi = {10.1088/1538-3873/ab26f1},
archivePrefix = {arXiv},
       eprint = {1903.11756},
 primaryClass = {astro-ph.HE},
       adsurl = {https://ui.adsabs.harvard.edu/abs/2019PASP..131i4501K},
      adsnote = {Provided by the SAO/NASA Astrophysics Data System}
}


@article{Kim:16:UPSILoN,
	Author = {{Kim}, Dae-Won and {Bailer-Jones}, Coryn A.~L.},
	Journal = {\aap},
	Month = {Mar},
	Pages = {A18},
	Title = {{A package for the automated classification of periodic variable stars}},
	Volume = {587},
	Year = {2016}}


@article{Long:12:OptimizingVarClass,
	Author = {{Long}, James P. and {El Karoui}, Noureddine and {Rice}, John A. and {Richards}, Joseph W. and {Bloom}, Joshua S.},
	Journal = {\pasp},
	Month = {Mar},
	Number = {913},
	Pages = {280},
	Title = {{Optimizing Automated Classification of Variable Stars in New Synoptic Surveys}},
	Volume = {124},
	Year = {2012}}


@article{Kim:11:QSOVariability,
	Author = {{Kim}, Dae-Won and {Protopapas}, Pavlos and {Byun}, Yong-Ik and {Alcock}, Charles and {Khardon}, Roni and {Trichas}, Markos},
	Journal = {\apj},
	Month = {Jul},
	Number = {2},
	Pages = {68},
	Title = {{Quasi-stellar Object Selection Algorithm Using Time Variability and Machine Learning: Selection of 1620 Quasi-stellar Object Candidates from MACHO Large Magellanic Cloud Database}},
	Volume = {735},
	Year = {2011}}


@article{Wozniak:00:Difference-Imag,
	Author = {{Wozniak}, P.~R.},
	Journal = {Acta Astronomica},
	Month = {Dec},
	Pages = {421-450},
	Title = {{Difference Image Analysis of the OGLE-II Bulge Data. I. The Method}},
	Volume = {50},
	Year = {2000}}


@article{Dubath:11:VariableClassification,
	Author = {{Dubath}, P. and {Rimoldini}, L. and {S{\"u}veges}, M. and {Blomme}, J. and {L{\'o}pez}, M. and {Sarro}, L.~M. and {De Ridder}, J. and {Cuypers}, J. and {Guy}, L. and {Lecoeur}, I. and {Nienartowicz}, K. and {Jan}, A. and {Beck}, M. and {Mowlavi}, N. and {De Cat}, P. and {Lebzelter}, T. and {Eyer}, L.},
	Journal = {\mnras},
	Month = {Jul},
	Number = {3},
	Pages = {2602-2617},
	Title = {{Random forest automated supervised classification of Hipparcos periodic variable stars}},
	Volume = {414},
	Year = {2011}}


@article{Kim:14:The-EPOCH-Proje,
	Author = {{Kim}, Dae-Won and {Protopapas}, Pavlos and {Bailer-Jones}, Coryn A.~L. and {Byun}, Yong-Ik and {Chang}, Seo-Won and {Marquette}, Jean-Baptiste and {Shin}, Min-Su},
	Journal = {\aap},
	Month = {Jun},
	Pages = {A43},
	Title = {{The EPOCH Project. I. Periodic variable stars in the EROS-2 LMC database}},
	Volume = {566},
	Year = {2014}}


@article{Tamuz:06:EBfitting,
	Author = {{Tamuz}, O. and {Mazeh}, T. and {North}, P.},
	Journal = {\mnras},
	Month = {Apr},
	Number = {4},
	Pages = {1521-1530},
	Title = {{Automated analysis of eclipsing binary light curves - I. EBAS - a new Eclipsing Binary Automated Solver with EBOP}},
	Volume = {367},
	Year = {2006}}


@article{Wozniak:01:Microlensing,
	Author = {{Wozniak}, P.~R. and {Udalski}, A. and {Szymanski}, M. and {Kubiak}, M. and {Pietrzynski}, G. and {Soszynski}, I. and {Zebrun}, K.},
	Journal = {Acta Astronomica},
	Month = {Sep},
	Pages = {175-219},
	Title = {{Difference Image Analysis of the OGLE-II Bulge Data. II. Microlensing Events}},
	Volume = {51},
	Year = {2001}}


@article{Marsh:17:WUMa,
	Author = {{Marsh}, F.~M. and {Prince}, T.~A. and {Mahabal}, A.~A. and {Bellm}, E.~C. and {Drake}, A.~J. and {Djorgovski}, S.~G.},
	Journal = {\mnras},
	Month = mar,
	Pages = {4678-4689},
	Title = {{Characterization of 9380 contact binaries from the CRTS Variable Sources Catalogue}},
	Volume = 465,
	Year = 2017}


@article{Selam:04:WUMa,
	Author = {{Selam}, S.~O.},
	Journal = {\aap},
	Month = {Mar},
	Pages = {1097-1105},
	Title = {{Key parameters of W UMa-type contact binaries discovered by HIPPARCOS}},
	Volume = {416},
	Year = {2004}}


@article{Richards:12:ASASCatalog,
	Author = {{Richards}, J.~W. and {Starr}, D.~L. and {Miller}, A.~A. and {Bloom}, J.~S. and {Butler}, N.~R. and {Brink}, H. and {Crellin-Quick}, A.},
	Journal = {\apjs},
	Month = dec,
	Pages = {32},
	Title = {{Construction of a Calibrated Probabilistic Classification Catalog: Application to 50k Variable Sources in the All-Sky Automated Survey}},
	Volume = 203,
	Year = 2012}


@article{Villar:19:Supernova-Photo,
	Author = {{Villar}, V.~A. and {Berger}, E. and {Miller}, G. and {Chornock}, R. and {Rest}, A. and {Jones}, D.~O. and {Drout}, M.~R. and {Foley}, R.~J. and {Kirshner}, R. and {Lunnan}, R. and {Magnier}, E. and {Milisavljevic}, D. and {Sanders}, N. and {Scolnic}, D.},
	Journal = {arXiv e-prints},
	Month = {May},
	Pages = {arXiv:1905.07422},
	Title = {{Supernova Photometric Classification Pipelines Trained on Spectroscopically Classified Supernovae from the Pan-STARRS1 Medium-Deep Survey}},
	Year = {2019}}

@ARTICLE{Guy:07:SALT2,
       author = {{Guy}, J. and {Astier}, P. and {Baumont}, S. and {Hardin}, D. and
         {Pain}, R. and {Regnault}, N. and {Basa}, S. and {Carlberg}, R.~G. and
         {Conley}, A. and {Fabbro}, S. and {Fouchez}, D. and {Hook}, I.~M. and
         {Howell}, D.~A. and {Perrett}, K. and {Pritchet}, C.~J. and {Rich}, J. and
         {Sullivan}, M. and {Antilogus}, P. and {Aubourg}, E. and {Bazin}, G. and
         {Bronder}, J. and {Filiol}, M. and {Palanque-Delabrouille}, N. and
         {Ripoche}, P. and {Ruhlmann-Kleider}, V.},
        title = "{SALT2: using distant supernovae to improve the use of type Ia supernovae as distance indicators}",
      journal = {\aap},
     keywords = {supernovae: general, cosmology: observations, Astrophysics},
         year = "2007",
        month = "Apr",
       volume = {466},
       number = {1},
        pages = {11-21},
          doi = {10.1051/0004-6361:20066930},
archivePrefix = {arXiv},
       eprint = {astro-ph/0701828},
 primaryClass = {astro-ph},
       adsurl = {https://ui.adsabs.harvard.edu/abs/2007A&A...466...11G},
      adsnote = {Provided by the SAO/NASA Astrophysics Data System}
}


@article{Richards:12:SemiSupervisedSNe,
	Author = {{Richards}, Joseph W. and {Homrighausen}, Darren and {Freeman}, Peter E. and {Schafer}, Chad M. and {Poznanski}, Dovi},
	Journal = {\mnras},
	Month = {Jan},
	Number = {2},
	Pages = {1121-1135},
	Title = {{Semi-supervised learning for photometric supernova classification}},
	Volume = {419},
	Year = {2012}}


@article{Guillochon:18:MOSFiT,
	Author = {{Guillochon}, James and {Nicholl}, Matt and {Villar}, V. Ashley and {Mockler}, Brenna and {Narayan}, Gautham and {Mandel}, Kaisey S. and {Berger}, Edo and {Williams}, Peter K.~G.},
	Journal = {\apjs},
	Month = {May},
	Number = {1},
	Pages = {6},
	Title = {{MOSFiT: Modular Open Source Fitter for Transients}},
	Volume = {236},
	Year = {2018}}


@ARTICLE{Vincenzi:19:CCTemplates,
       author = {{Vincenzi}, M. and {Sullivan}, M. and {Firth}, R.~E. and
         {Guti{\'e}rrez}, C.~P. and {Frohmaier}, C. and {Smith}, M. and
         {Angus}, C. and {Nichol}, R.~C.},
        title = "{Spectrophotometric templates for core-collapse supernovae and their application in simulations of time-domain surveys}",
      journal = {\mnras},
     keywords = {methods: data analysis, methods: statistical, supernovae: general, Astrophysics - High Energy Astrophysical Phenomena},
         year = "2019",
        month = "Nov",
       volume = {489},
       number = {4},
        pages = {5802-5821},
          doi = {10.1093/mnras/stz2448},
archivePrefix = {arXiv},
       eprint = {1908.05228},
 primaryClass = {astro-ph.HE},
       adsurl = {https://ui.adsabs.harvard.edu/abs/2019MNRAS.489.5802V},
      adsnote = {Provided by the SAO/NASA Astrophysics Data System}
}


@article{Kessler:09:SNANA,
	Author = {{Kessler}, R. and {Bernstein}, J.~P. and {Cinabro}, D. and {Dilday}, B. and {Frieman}, J.~A. and {Jha}, S. and {Kuhlmann}, S. and {Miknaitis}, G. and {Sako}, M. and {Taylor}, M. and {Vanderplas}, J.},
	Journal = {\pasp},
	Month = sep,
	Pages = {1028-1035},
	Title = {{SNANA: A Public Software Package for Supernova Analysis}},
	Volume = 121,
	Year = 2009}

@article{Barbary:14:sncosmo,
      author        = "Barbary, Kyle",
      title         = "{sncosmo}",
      month         = "Apr",
      year          = "2014",
      doi           = "{10.5281/zenodo.592747}",
      url           = "{https://doi.org/10.5281/zenodo.592747}",
}


@ARTICLE{Sako:11:PSNid,
       author = {{Sako}, Masao and {Bassett}, Bruce and {Connolly}, Brian and
         {Dilday}, Benjamin and {Cambell}, Heather and {Frieman}, Joshua A. and
         {Gladney}, Larry and {Kessler}, Richard and {Lampeitl}, Hubert and
         {Marriner}, John and {Miquel}, Ramon and {Nichol}, Robert C. and
         {Schneider}, Donald P. and {Smith}, Mathew and {Sollerman}, Jesper},
        title = "{Photometric Type Ia Supernova Candidates from the Three-year SDSS-II SN Survey Data}",
      journal = {\apj},
     keywords = {cosmology: observations, supernovae: general, surveys, Astrophysics - Cosmology and Nongalactic Astrophysics},
         year = "2011",
        month = "Sep",
       volume = {738},
       number = {2},
          eid = {162},
        pages = {162},
          doi = {10.1088/0004-637X/738/2/162},
archivePrefix = {arXiv},
       eprint = {1107.5106},
 primaryClass = {astro-ph.CO},
       adsurl = {https://ui.adsabs.harvard.edu/abs/2011ApJ...738..162S},
      adsnote = {Provided by the SAO/NASA Astrophysics Data System}
}


@ARTICLE{Nugent:02:IaTemplates,
       author = {{Nugent}, Peter and {Kim}, Alex and {Perlmutter}, Saul},
        title = "{K-Corrections and Extinction Corrections for Type Ia Supernovae}",
      journal = {\pasp},
     keywords = {Cosmology: Observations, Stars: Supernovae: General, Astrophysics},
         year = "2002",
        month = "Aug",
       volume = {114},
       number = {798},
        pages = {803-819},
          doi = {10.1086/341707},
archivePrefix = {arXiv},
       eprint = {astro-ph/0205351},
 primaryClass = {astro-ph},
       adsurl = {https://ui.adsabs.harvard.edu/abs/2002PASP..114..803N},
      adsnote = {Provided by the SAO/NASA Astrophysics Data System}
}

@ARTICLE{Kessler:10:SNPhotCC,
       author = {{Kessler}, Richard and {Bassett}, Bruce and {Belov}, Pavel and
         {Bhatnagar}, Vasudha and {Campbell}, Heather and {Conley}, Alex and
         {Frieman}, Joshua A. and {Glazov}, Alexandre and
         {Gonz{\'a}lez-Gait{\'a}n}, Santiago and {Hlozek}, Ren{\'e}e and
         {Jha}, Saurabh and {Kuhlmann}, Stephen and {Kunz}, Martin and
         {Lampeitl}, Hubert and {Mahabal}, Ashish and {Newling}, James and
         {Nichol}, Robert C. and {Parkinson}, David and {Sajeeth Philip}, Ninan and
         {Poznanski}, Dovi and {Richards}, Joseph W. and {Rodney}, Steven A. and
         {Sako}, Masao and {Schneider}, Donald P. and {Smith}, Mathew and
         {Stritzinger}, Maximilian and {Varughese}, Melvin},
        title = "{Results from the Supernova Photometric Classification Challenge}",
      journal = {\pasp},
     keywords = {Astrophysics - Cosmology and Extragalactic Astrophysics},
         year = "2010",
        month = "Dec",
       volume = {122},
       number = {898},
        pages = {1415},
          doi = {10.1086/657607},
archivePrefix = {arXiv},
       eprint = {1008.1024},
 primaryClass = {astro-ph.CO},
       adsurl = {https://ui.adsabs.harvard.edu/abs/2010PASP..122.1415K},
      adsnote = {Provided by the SAO/NASA Astrophysics Data System}
}


@ARTICLE{Newling:11:SNPhotCCClassification,
       author = {{Newling}, J. and {Varughese}, M. and {Bassett}, B. and {Campbell}, H. and
         {Hlozek}, R. and {Kunz}, M. and {Lampeitl}, H. and {Martin}, B. and
         {Nichol}, R. and {Parkinson}, D. and {Smith}, M.},
        title = "{Statistical classification techniques for photometric supernova typing}",
      journal = {\mnras},
     keywords = {methods: statistical, techniques: photometric, supernovae: general, Astrophysics - Cosmology and Nongalactic Astrophysics, Statistics - Applications},
         year = "2011",
        month = "Jul",
       volume = {414},
       number = {3},
        pages = {1987-2004},
          doi = {10.1111/j.1365-2966.2011.18514.x},
archivePrefix = {arXiv},
       eprint = {1010.1005},
 primaryClass = {astro-ph.CO},
       adsurl = {https://ui.adsabs.harvard.edu/abs/2011MNRAS.414.1987N},
      adsnote = {Provided by the SAO/NASA Astrophysics Data System}
}

@ARTICLE{Karpenka:13:SNClassification,
       author = {{Karpenka}, N.~V. and {Feroz}, F. and {Hobson}, M.~P.},
        title = "{A simple and robust method for automated photometric classification of supernovae using neural networks}",
      journal = {\mnras},
     keywords = {methods: data analysis, methods: statistical, supernovae: general, Astrophysics - Cosmology and Nongalactic Astrophysics, Astrophysics - Instrumentation and Methods for Astrophysics},
         year = "2013",
        month = "Feb",
       volume = {429},
       number = {2},
        pages = {1278-1285},
          doi = {10.1093/mnras/sts412},
archivePrefix = {arXiv},
       eprint = {1208.1264},
 primaryClass = {astro-ph.CO},
       adsurl = {https://ui.adsabs.harvard.edu/abs/2013MNRAS.429.1278K},
      adsnote = {Provided by the SAO/NASA Astrophysics Data System}
}


@ARTICLE{Ishida:13:PCASNClassification,
       author = {{Ishida}, E.~E.~O. and {de Souza}, R.~S.},
        title = "{Kernel PCA for Type Ia supernovae photometric classification}",
      journal = {\mnras},
     keywords = {methods: data analysis, methods: statistical, supernovae: general, Astrophysics - Cosmology and Nongalactic Astrophysics, Astrophysics - Instrumentation and Methods for Astrophysics},
         year = "2013",
        month = "Mar",
       volume = {430},
       number = {1},
        pages = {509-532},
          doi = {10.1093/mnras/sts650},
archivePrefix = {arXiv},
       eprint = {1201.6676},
 primaryClass = {astro-ph.CO},
       adsurl = {https://ui.adsabs.harvard.edu/abs/2013MNRAS.430..509I},
      adsnote = {Provided by the SAO/NASA Astrophysics Data System}
}

@ARTICLE{Varughese:15:SNPhotCC,
       author = {{Varughese}, Melvin M. and {von Sachs}, Rainer and {Stephanou}, Michael and
         {Bassett}, Bruce A.},
        title = "{Non-parametric transient classification using adaptive wavelets}",
      journal = {\mnras},
     keywords = {methods: data analysis, methods: statistical, supernovae: general, Astrophysics - Instrumentation and Methods for Astrophysics},
         year = "2015",
        month = "Nov",
       volume = {453},
       number = {3},
        pages = {2848-2861},
          doi = {10.1093/mnras/stv1816},
archivePrefix = {arXiv},
       eprint = {1504.00015},
 primaryClass = {astro-ph.IM},
       adsurl = {https://ui.adsabs.harvard.edu/abs/2015MNRAS.453.2848V},
      adsnote = {Provided by the SAO/NASA Astrophysics Data System}
}


@ARTICLE{Lochner:16:SNPhotCC,
       author = {{Lochner}, Michelle and {McEwen}, Jason D. and {Peiris}, Hiranya V. and
         {Lahav}, Ofer and {Winter}, Max K.},
        title = "{Photometric Supernova Classification with Machine Learning}",
      journal = {\apjs},
     keywords = {cosmology: observations, methods: data analysis, supernovae: general, Astrophysics - Instrumentation and Methods for Astrophysics, Astrophysics - Cosmology and Nongalactic Astrophysics},
         year = "2016",
        month = "Aug",
       volume = {225},
       number = {2},
          eid = {31},
        pages = {31},
          doi = {10.3847/0067-0049/225/2/31},
archivePrefix = {arXiv},
       eprint = {1603.00882},
 primaryClass = {astro-ph.IM},
       adsurl = {https://ui.adsabs.harvard.edu/abs/2016ApJS..225...31L},
      adsnote = {Provided by the SAO/NASA Astrophysics Data System}
}


@ARTICLE{Bazin:11:SNLSIas,
       author = {{Bazin}, G. and {Ruhlmann-Kleider}, V. and {Palanque-Delabrouille}, N. and
         {Rich}, J. and {Aubourg}, E. and {Astier}, P. and {Balland}, C. and
         {Basa}, S. and {Carlberg}, R.~G. and {Conley}, A. and {Fouchez}, D. and
         {Guy}, J. and {Hardin}, D. and {Hook}, I.~M. and {Howell}, D.~A. and
         {Pain}, R. and {Perrett}, K. and {Pritchet}, C.~J. and {Regnault}, N. and
         {Sullivan}, M. and {Fourmanoit}, N. and {Gonz{\'a}lez-Gait{\'a}n}, S. and
         {Lidman}, C. and {Perlmutter}, S. and {Ripoche}, P. and {Walker}, E.~S.},
        title = "{Photometric selection of Type Ia supernovae in the Supernova Legacy Survey}",
      journal = {\aap},
     keywords = {supernovae: general, cosmology: observations, Astrophysics - Cosmology and Nongalactic Astrophysics},
         year = "2011",
        month = "Oct",
       volume = {534},
          eid = {A43},
        pages = {A43},
          doi = {10.1051/0004-6361/201116898},
archivePrefix = {arXiv},
       eprint = {1109.0948},
 primaryClass = {astro-ph.CO},
       adsurl = {https://ui.adsabs.harvard.edu/abs/2011A&A...534A..43B},
      adsnote = {Provided by the SAO/NASA Astrophysics Data System}
}


@ARTICLE{Jha:07:IaLCFitter,
       author = {{Jha}, Saurabh and {Riess}, Adam G. and {Kirshner}, Robert P.},
        title = "{Improved Distances to Type Ia Supernovae with Multicolor Light-Curve Shapes: MLCS2k2}",
      journal = {\apj},
     keywords = {Cosmology: Observations, Cosmology: Distance Scale, Galaxies: Distances and Redshifts, Stars: Supernovae: General, Astrophysics},
         year = "2007",
        month = "Apr",
       volume = {659},
       number = {1},
        pages = {122-148},
          doi = {10.1086/512054},
archivePrefix = {arXiv},
       eprint = {astro-ph/0612666},
 primaryClass = {astro-ph},
       adsurl = {https://ui.adsabs.harvard.edu/abs/2007ApJ...659..122J},
      adsnote = {Provided by the SAO/NASA Astrophysics Data System}
}

@ARTICLE{Conley:08:SiFTO,
       author = {{Conley}, A. and {Sullivan}, M. and {Hsiao}, E.~Y. and {Guy}, J. and
         {Astier}, P. and {Balam}, D. and {Balland}, C. and {Basa}, S. and
         {Carlberg}, R.~G. and {Fouchez}, D. and {Hardin}, D. and
         {Howell}, D.~A. and {Hook}, I.~M. and {Pain}, R. and {Perrett}, K. and
         {Pritchet}, C.~J. and {Regnault}, N.},
        title = "{SiFTO: An Empirical Method for Fitting SN Ia Light Curves}",
      journal = {\apj},
     keywords = {supernovae: general, Astrophysics},
         year = "2008",
        month = "Jul",
       volume = {681},
       number = {1},
        pages = {482-498},
          doi = {10.1086/588518},
archivePrefix = {arXiv},
       eprint = {0803.3441},
 primaryClass = {astro-ph},
       adsurl = {https://ui.adsabs.harvard.edu/abs/2008ApJ...681..482C},
      adsnote = {Provided by the SAO/NASA Astrophysics Data System}
}

@ARTICLE{Mislis:16:SIDRA,
       author = {{Mislis}, D. and {Bachelet}, E. and {Alsubai}, K.~A. and
         {Bramich}, D.~M. and {Parley}, N.},
        title = "{SIDRA: a blind algorithm for signal detection in photometric surveys}",
      journal = {\mnras},
     keywords = {techniques: photometric, planets and satellites: detection, planets and satellites: fundamental parameters, planetary systems, Astrophysics - Earth and Planetary Astrophysics, Astrophysics - Instrumentation and Methods for Astrophysics},
         year = "2016",
        month = "Jan",
       volume = {455},
       number = {1},
        pages = {626-633},
          doi = {10.1093/mnras/stv2333},
archivePrefix = {arXiv},
       eprint = {1511.03456},
 primaryClass = {astro-ph.EP},
       adsurl = {https://ui.adsabs.harvard.edu/abs/2016MNRAS.455..626M},
      adsnote = {Provided by the SAO/NASA Astrophysics Data System}
}


@ARTICLE{Narayan:18:ANTARES,
       author = {{Narayan}, Gautham and {Zaidi}, Tayeb and {Soraisam}, Monika D. and
         {Wang}, Zhe and {Lochner}, Michelle and {Matheson}, Thomas and
         {Saha}, Abhijit and {Yang}, Shuo and {Zhao}, Zhenge and
         {Kececioglu}, John and {Scheidegger}, Carlos and
         {Snodgrass}, Richard T. and {Axelrod}, Tim and {Jenness}, Tim and
         {Maier}, Robert S. and {Ridgway}, Stephen T. and {Seaman}, Robert L. and
         {Evans}, Eric Michael and {Singh}, Navdeep and {Taylor}, Clark and
         {Toeniskoetter}, Jackson and {Welch}, Eric and {Zhu}, Songzhe and
         {ANTARES Collaboration}},
        title = "{Machine-learning-based Brokers for Real-time Classification of the LSST Alert Stream}",
      journal = {\apjs},
     keywords = {methods: data analysis, methods: statistical, stars: variables: general, supernovae: general, surveys, virtual observatory tools, Astrophysics - Instrumentation and Methods for Astrophysics, Astrophysics - Cosmology and Nongalactic Astrophysics, Astrophysics - High Energy Astrophysical Phenomena},
         year = "2018",
        month = "May",
       volume = {236},
       number = {1},
          eid = {9},
        pages = {9},
          doi = {10.3847/1538-4365/aab781},
archivePrefix = {arXiv},
       eprint = {1801.07323},
 primaryClass = {astro-ph.IM},
       adsurl = {https://ui.adsabs.harvard.edu/abs/2018ApJS..236....9N},
      adsnote = {Provided by the SAO/NASA Astrophysics Data System}
}

@ARTICLE{Revsbech:18:SNGP,
       author = {{Revsbech}, E.~A. and {Trotta}, R. and {van Dyk}, D.~A.},
        title = "{STACCATO: a novel solution to supernova photometric classification with biased training sets}",
      journal = {\mnras},
     keywords = {methods: statistical, supernovae: general, cosmological parameters, distance scale, cosmology: observations, Astrophysics - Instrumentation and Methods for Astrophysics},
         year = "2018",
        month = "Jan",
       volume = {473},
       number = {3},
        pages = {3969-3986},
          doi = {10.1093/mnras/stx2570},
archivePrefix = {arXiv},
       eprint = {1706.03811},
 primaryClass = {astro-ph.IM},
       adsurl = {https://ui.adsabs.harvard.edu/abs/2018MNRAS.473.3969R},
      adsnote = {Provided by the SAO/NASA Astrophysics Data System}
}



@article{Boone:19:AvocadoClassifier,
	Author = {{Boone}, Kyle},
	Journal = {\aj},
	Month = dec,
	Number = {6},
	Pages = {257},
	Title = {{Avocado: Photometric Classification of Astronomical Transients with Gaussian Process Augmentation}},
	Volume = {158},
	Year = 2019}

@ARTICLE{2018PASP..130e4501B,
       author = {{Bernstein}, G.~M. and {Abbott}, T.~M.~C. and {Armstrong}, R. and
         {Burke}, D.~L. and {Diehl}, H.~T. and {Gruendl}, R.~A. and
         {Johnson}, M.~D. and {Li}, T.~S. and {Rykoff}, E.~S. and
         {Walker}, A.~R. and {Wester}, W. and {Yanny}, B.},
        title = "{Photometric Characterization of the Dark Energy Camera}",
      journal = {\pasp},
     keywords = {Astrophysics - Instrumentation and Methods for Astrophysics},
         year = "2018",
        month = "May",
       volume = {130},
       number = {987},
        pages = {054501},
          doi = {10.1088/1538-3873/aaa753},
archivePrefix = {arXiv},
       eprint = {1710.10943},
 primaryClass = {astro-ph.IM},
       adsurl = {https://ui.adsabs.harvard.edu/abs/2018PASP..130e4501B},
      adsnote = {Provided by the SAO/NASA Astrophysics Data System}
}

@ARTICLE{Scargle:13:BayesianBlocks,
       author = {{Scargle}, Jeffrey D. and {Norris}, Jay P. and {Jackson}, Brad and
         {Chiang}, James},
        title = "{Studies in Astronomical Time Series Analysis. VI. Bayesian Block Representations}",
      journal = {\apj},
     keywords = {methods: data analysis, methods: statistical, Astrophysics - Instrumentation and Methods for Astrophysics, Mathematics - Statistics Theory, G.3},
         year = "2013",
        month = "Feb",
       volume = {764},
       number = {2},
          eid = {167},
        pages = {167},
          doi = {10.1088/0004-637X/764/2/167},
archivePrefix = {arXiv},
       eprint = {1207.5578},
 primaryClass = {astro-ph.IM},
       adsurl = {https://ui.adsabs.harvard.edu/abs/2013ApJ...764..167S},
      adsnote = {Provided by the SAO/NASA Astrophysics Data System}
}

@ARTICLE{Chang:15:StellarFlares,
       author = {{Chang}, S. -W. and {Byun}, Y. -I. and {Hartman}, J.~D.},
        title = "{Photometric Study on Stellar Magnetic Activity. I. Flare Variability of Red Dwarf Stars in the Open Cluster M37}",
      journal = {\apj},
     keywords = {open clusters and associations: individual: M37, stars: activity, stars: flare, stars: low-mass, stars: statistics, techniques: photometric, Astrophysics - Solar and Stellar Astrophysics},
         year = "2015",
        month = "Nov",
       volume = {814},
       number = {1},
          eid = {35},
        pages = {35},
          doi = {10.1088/0004-637X/814/1/35},
archivePrefix = {arXiv},
       eprint = {1510.01005},
 primaryClass = {astro-ph.SR},
       adsurl = {https://ui.adsabs.harvard.edu/abs/2015ApJ...814...35C},
      adsnote = {Provided by the SAO/NASA Astrophysics Data System}
}


@article{Kozowski:16:StructureFunction,
	Author = {{Koz{\l}owski}, Szymon},
	Journal = {\apj},
	Month = {Aug},
	Number = {2},
	Pages = {118},
	Title = {{Revisiting Stochastic Variability of AGNs with Structure Functions}},
	Volume = {826},
	Year = {2016}}

@ARTICLE{Graham:14:SlepianWavelets,
       author = {{Graham}, Matthew J. and {Djorgovski}, S.~G. and {Drake}, Andrew J. and
         {Mahabal}, Ashish A. and {Chang}, Melissa and {Stern}, Daniel and
         {Donalek}, Ciro and {Glikman}, Eilat},
        title = "{A novel variability-based method for quasar selection: evidence for a rest-frame Ìƒ54 d characteristic time-scale}",
      journal = {\mnras},
     keywords = {methods: data analysis, techniques: photometric, surveys, quasars: general, Astrophysics - Cosmology and Extragalactic Astrophysics},
         year = "2014",
        month = "Mar",
       volume = {439},
       number = {1},
        pages = {703-718},
          doi = {10.1093/mnras/stt2499},
archivePrefix = {arXiv},
       eprint = {1401.1785},
 primaryClass = {astro-ph.CO},
       adsurl = {https://ui.adsabs.harvard.edu/abs/2014MNRAS.439..703G},
      adsnote = {Provided by the SAO/NASA Astrophysics Data System}
}


@article{Moreno:19:AGNVariabilityHandbook,
	Author = {{Moreno}, Jackeline and {Vogeley}, Michael S. and {Richards}, Gordon T. and {Yu}, Weixiang},
	Journal = {\pasp},
	Month = {Mar},
	Number = {1000},
	Pages = {063001},
	Title = {{Stochastic Modeling Handbook for Optical AGN Variability}},
	Volume = {131},
	Year = {2019}}


@article{tmp_Villar:20:SuperRAENN,
	Author = {{Villar}, V. Ashley and {Hosseinzadeh}, Griffin and {Berger}, Edo and {Ntampaka}, Michelle and {Jones}, David O. and {Challis}, Peter and {Chornock}, Ryan and {Drout}, Maria R. and {Foley}, Ryan J. and {Kirshner}, Robert P. and {Lunnan}, Ragnhild and {Margutti}, Raffaella and {Milisavljevic}, Dan and {Sanders}, Nathan and {Pan}, Yen-Chen and {Rest}, Armin and {Scolnic}, Daniel M. and {Magnier}, Eugene and {Metcalfe}, Nigel and {Wainscoat}, Richard and {Waters}, Christopher},
	Journal = {arXiv e-prints},
	Month = aug,
	Pages = {arXiv:2008.04921},
	Title = {{SuperRAENN: A Semi-supervised Supernova Photometric Classification Pipeline Trained on Pan-STARRS1 Medium Deep Survey Supernovae}},
	Year = 2020}


@article{Sanchez-Saez:21:AlertClassification,
	author = {{S{\'a}nchez-S{\'a}ez}, P. and {Reyes}, I. and {Valenzuela}, C. and {F{\"o}rster}, F. and {Eyheramendy}, S. and {Elorrieta}, F. and {Bauer}, F.~E. and {Cabrera-Vives}, G. and {Est{\'e}vez}, P.~A. and {Catelan}, M. and {Pignata}, G. and {Huijse}, P. and {De Cicco}, D. and {Ar{\'e}valo}, P. and {Carrasco-Davis}, R. and {Abril}, J. and {Kurtev}, R. and {Borissova}, J. and {Arredondo}, J. and {Castillo-Navarrete}, E. and {Rodriguez}, D. and {Ruz-Mieres}, D. and {Moya}, A. and {Sabatini-Gacit{\'u}a}, L. and {Sep{\'u}lveda-Cobo}, C. and {Camacho-I{\~n}iguez}, E.},
	journal = {\aj},
	month = mar,
	number = {3},
	pages = {141},
	title = {{Alert Classification for the ALeRCE Broker System: The Light Curve Classifier}},
	volume = {161},
	year = 2021}




@article{Sanchez-Saez:19:LSQuestAGN,
	Author = {{S{\'a}nchez-S{\'a}ez}, P. and {Lira}, P. and {Cartier}, R. and {Mirand a}, N. and {Ho}, L.~C. and {Ar{\'e}valo}, P. and {Bauer}, F.~E. and {Coppi}, P. and {Yovaniniz}, C.},
	Journal = {\apjs},
	Month = may,
	Number = {1},
	Pages = {10},
	Title = {{The QUEST-La Silla AGN Variability Survey: Selection of AGN Candidates through Optical Variability}},
	Volume = {242},
	Year = 2019}


@article{Schmidt:10:QuasarVariability,
	Author = {{Schmidt}, Kasper B. and {Marshall}, Philip J. and {Rix}, Hans-Walter and {Jester}, Sebastian and {Hennawi}, Joseph F. and {Dobler}, Gregory},
	Journal = {\apj},
	Month = may,
	Number = {2},
	Pages = {1194-1208},
	Title = {{Selecting Quasars by Their Intrinsic Variability}},
	Volume = {714},
	Year = 2010}

@ARTICLE{Allevato:13:AGNVariability,
       author = {{Allevato}, V. and {Paolillo}, M. and {Papadakis}, I. and {Pinto}, C.},
        title = "{Measuring X-Ray Variability in Faint/Sparsely Sampled Active Galactic Nuclei}",
      journal = {\apj},
     keywords = {accretion, accretion disks, galaxies: active, methods: statistical, surveys, X-rays: general, Astrophysics - High Energy Astrophysical Phenomena, Astrophysics - Cosmology and Nongalactic Astrophysics},
         year = 2013,
        month = jul,
       volume = {771},
       number = {1},
          eid = {9},
        pages = {9},
          doi = {10.1088/0004-637X/771/1/9},
archivePrefix = {arXiv},
       eprint = {1202.3786},
 primaryClass = {astro-ph.HE},
       adsurl = {https://ui.adsabs.harvard.edu/abs/2013ApJ...771....9A},
      adsnote = {Provided by the SAO/NASA Astrophysics Data System}
}

@ARTICLE{Nandra:97:AGNVarability,
       author = {{Nandra}, K. and {George}, I.~M. and {Mushotzky}, R.~F. and
         {Turner}, T.~J. and {Yaqoob}, T.},
        title = "{ASCA Observations of Seyfert 1 Galaxies. I. Data Analysis, Imaging, and Timing}",
      journal = {\apj},
     keywords = {Galaxies: Active, Galaxies: Nuclei, Galaxies: Seyfert, X-Rays: Galaxies},
         year = 1997,
        month = feb,
       volume = {476},
       number = {1},
        pages = {70-82},
          doi = {10.1086/303600},
       adsurl = {https://ui.adsabs.harvard.edu/abs/1997ApJ...476...70N},
      adsnote = {Provided by the SAO/NASA Astrophysics Data System}
}

@ARTICLE{McLaughlin:96:EGRETVariability,
       author = {{McLaughlin}, M.~A. and {Mattox}, J.~R. and {Cordes}, J.~M. and
         {Thompson}, D.~J.},
        title = "{Variability of CGRO/EGRET Gamma-Ray Sources}",
      journal = {\apj},
     keywords = {GALAXIES: BL LACERTAE OBJECTS: GENERAL, GAMMA RAYS: OBSERVATIONS, GALAXIES: QUASARS: GENERAL, RADIATION MECHANISMS: NONTHERMAL},
         year = 1996,
        month = dec,
       volume = {473},
        pages = {763},
          doi = {10.1086/178188},
       adsurl = {https://ui.adsabs.harvard.edu/abs/1996ApJ...473..763M},
      adsnote = {Provided by the SAO/NASA Astrophysics Data System}
}


@article{Delisle:20:LSFAPCorrelatedNoise,
	author = {{Delisle}, J. -B. and {Hara}, N. and {S{\'e}gransan}, D.},
	journal = {\aap},
	month = mar,
	pages = {A83},
	title = {{Efficient modeling of correlated noise. I. Statistical significance of periodogram peaks}},
	volume = {635},
	year = 2020}
	


@article{Hu:20:MultibandDRW,
	author = {{Hu}, Zhirui and {Tak}, Hyungsuk},
	journal = {\aj},
	month = dec,
	number = {6},
	pages = {265},
	title = {{Modeling Stochastic Variability in Multiband Time-series Data}},
	volume = {160},
	year = 2020}



@article{tmp_Coughlin:20:ZTFClassification,
	author = {{Coughlin}, Michael W. and {Burdge}, Kevin and {Duev}, Dmitry A. and {Katz}, Michael L. and {van Roestel}, Jan and {Drake}, Andrew and {Graham}, Matthew J. and {Hillenbrand}, Lynne and {Mahabal}, Ashish A. and {Masci}, Frank J. and {Mr{\'o}z}, Przemek and {Prince}, Thomas A. and {Yao}, Yuhan and {Bellm}, Eric C. and {Burruss}, Rick and {Dekany}, Richard and {Jaodand}, Amruta and {Kaplan}, David L. and {Kupfer}, Thomas and {Laher}, Russ R. and {Riddle}, Reed and {Rigault}, Mickael and {Rodriguez}, Hector and {Rusholme}, Ben and {Zolkower}, Jeffry},
	journal = {arXiv e-prints},
	month = sep,
	pages = {arXiv:2009.14071},
	title = {{The ZTF Source Classification Project: II. Periodicity and variability processing metrics}},
	year = 2020}


@article{Pashchenko:18:OGLEClassification,
	author = {{Pashchenko}, Ilya N. and {Sokolovsky}, Kirill V. and {Gavras}, Panagiotis},
	journal = {\mnras},
	month = apr,
	number = {2},
	pages = {2326-2343},
	title = {{Machine learning search for variable stars}},
	volume = {475},
	year = 2018}


@article{Sokolovsky:17:VaST,
	author = {{Sokolovsky}, K.~V. and {Lebedev}, A.~A.},
	journal = {ArXiv e-prints},
	month = feb,
	title = {{VaST: a variability search toolkit}},
	year = 2017}


@article{Enoch:03:Variability,
	author = {{Enoch}, Melissa L. and {Brown}, Michael E. and {Burgasser}, Adam J.},
	journal = {\aj},
	month = aug,
	number = {2},
	pages = {1006-1016},
	title = {{Photometric Variability at the L/T Dwarf Boundary}},
	volume = {126},
	year = 2003}


@article{Sokolovsky:17:VariabilityDetection,
	author = {{Sokolovsky}, K.~V. and {Gavras}, P. and {Karampelas}, A. and {Antipin}, S.~V. and {Bellas-Velidis}, I. and {Benni}, P. and {Bonanos}, A.~Z. and {Burdanov}, A.~Y. and {Derlopa}, S. and {Hatzidimitriou}, D. and {Khokhryakova}, A.~D. and {Kolesnikova}, D.~M. and {Korotkiy}, S.~A. and {Lapukhin}, E.~G. and {Moretti}, M.~I. and {Popov}, A.~A. and {Pouliasis}, E. and {Samus}, N.~N. and {Spetsieri}, Z. and {Veselkov}, S.~A. and {Volkov}, K.~V. and {Yang}, M. and {Zubareva}, A.~M.},
	journal = {\mnras},
	month = jan,
	number = {1},
	pages = {274-292},
	title = {{Comparative performance of selected variability detection techniques in photometric time series data}},
	volume = {464},
	year = 2017}



@article{De-Cicco:21:AGNSelection,
	author = {{De Cicco}, D. and {Bauer}, F.~E. and {Paolillo}, M. and {Cavuoti}, S. and {S{\'a}nchez-S{\'a}ez}, P. and {Brandt}, W.~N. and {Pignata}, G. and {Vaccari}, M. and {Radovich}, M.},
	journal = {\aap},
	month = jan,
	pages = {A103},
	title = {{A random forest-based selection of optically variable AGN in the VST-COSMOS field}},
	volume = {645},
	year = 2021}

@ARTICLE{ArellanoFerro:12:RRLyrDetection,
       author = {{Arellano Ferro}, A. and {Bramich}, D.~M. and {Figuera Jaimes}, R. and {Giridhar}, Sunetra and {Kuppuswamy}, K.},
        title = "{The unusually large population of Blazhko variables in the globular cluster NGC 5024 (M53)}",
      journal = {\mnras},
     keywords = {stars: variables: RR Lyrae, globular clusters: individual: NGC 5024, Astrophysics - Solar and Stellar Astrophysics, Astrophysics - Astrophysics of Galaxies},
         year = 2012,
        month = feb,
       volume = {420},
       number = {2},
        pages = {1333-1346},
          doi = {10.1111/j.1365-2966.2011.20119.x},
archivePrefix = {arXiv},
       eprint = {1111.0216},
 primaryClass = {astro-ph.SR},
       adsurl = {https://ui.adsabs.harvard.edu/abs/2012MNRAS.420.1333A},
      adsnote = {Provided by the SAO/NASA Astrophysics Data System}
}


@article{Mowlavi:14:AbbeValue,
	author = {{Mowlavi}, N.},
	journal = {\aap},
	month = aug,
	pages = {A78},
	title = {{Searching transients in large-scale surveys. A method based on the Abbe value}},
	volume = {568},
	year = 2014}

@ARTICLE{Welch:93:WelchStetson,
       author = {{Welch}, Douglas L. and {Stetson}, Peter B.},
        title = "{Robust Variable Star Detection Techniques Suitable for Automated searches: New Results for NGC 1866}",
      journal = {\aj},
     keywords = {Astronomical Photometry, Globular Clusters, Robustness (Mathematics), Variable Stars, Cepheid Variables, Light Curve, Main Sequence Stars, Astronomy, STARS: INDIVIDUAL: NGC 1866, TECHNIQUES: PHOTOMETRIC, STARS: VARIABLES: DETECTION},
         year = 1993,
        month = may,
       volume = {105},
        pages = {1813},
          doi = {10.1086/116556},
       adsurl = {https://ui.adsabs.harvard.edu/abs/1993AJ....105.1813W}}